@inproceedings{hauser2010fast,
  title={Fast smoothing of manipulator trajectories using optimal bounded-acceleration shortcuts},
  author={Hauser, Kris and Ng-Thow-Hing, Victor},
  booktitle={2010 IEEE international conference on robotics and automation},
  pages={2493--2498},
  year={2010},
  organization={IEEE}
}

@inproceedings{rosmann2012trajectory,
	title={Trajectory modification considering dynamic constraints of autonomous robots},
	author={R{\"o}smann, Christoph and Feiten, Wendelin and W{\"o}sch, Thomas and Hoffmann, Frank and Bertram, Torsten},
	booktitle={ROBOTIK 2012; 7th German Conference on Robotics},
	pages={1--6},
	year={2012},
	organization={VDE}
}

@inproceedings{rosmann2013efficient,
	title={Efficient trajectory optimization using a sparse model},
	author={R{\"o}smann, Christoph and Feiten, Wendelin and W{\"o}sch, Thomas and Hoffmann, Frank and Bertram, Torsten},
	booktitle={2013 European Conference on Mobile Robots},
	pages={138--143},
	year={2013},
	organization={IEEE}
}

@inproceedings{kogan2006optimization,
	title={Optimization-based navigation for the DARPA Grand Challenge},
	author={Kogan, Dmitriy and Murray, R},
	booktitle={Conference on Decision and Control (CDC)},
	year={2006}
}

@article{dolgov2010path,
	title={Path planning for autonomous vehicles in unknown semi-structured environments},
	author={Dolgov, Dmitri and Thrun, Sebastian and Montemerlo, Michael and Diebel, James},
	journal={The International Journal of Robotics Research},
	volume={29},
	number={5},
	pages={485--501},
	year={2010},
	publisher={SAGE Publications Sage UK: London, England}
}

@inproceedings{ziegler2014trajectory,
	title={Trajectory planning for Berthaâ€”A local, continuous method},
	author={Ziegler, Julius and Bender, Philipp and Dang, Thao and Stiller, Christoph},
	booktitle={2014 IEEE intelligent vehicles symposium proceedings},
	pages={450--457},
	year={2014},
	organization={IEEE}
}

@inproceedings{gu2012road,
	title={On-road motion planning for autonomous vehicles},
	author={Gu, Tianyu and Dolan, John M},
	booktitle={International Conference on Intelligent Robotics and Applications},
	pages={588--597},
	year={2012},
	organization={Springer}
}

@inproceedings{richards2002aircraft,
	title={Aircraft trajectory planning with collision avoidance using mixed integer linear programming},
	author={Richards, Arthur and How, Jonathan P},
	booktitle={Proceedings of the 2002 American Control Conference (IEEE Cat. No. CH37301)},
	volume={3},
	pages={1936--1941},
	year={2002},
	organization={IEEE}
}

@inproceedings{deits2014footstep,
	title={Footstep planning on uneven terrain with mixed-integer convex optimization},
	author={Deits, Robin and Tedrake, Russ},
	booktitle={2014 IEEE-RAS international conference on humanoid robots},
	pages={279--286},
	year={2014},
	organization={IEEE}
}

@inproceedings{deits2015efficient,
	title={Efficient mixed-integer planning for UAVs in cluttered environments},
	author={Deits, Robin and Tedrake, Russ},
	booktitle={2015 IEEE international conference on robotics and automation (ICRA)},
	pages={42--49},
	year={2015},
	organization={IEEE}
}

@article{posa2014direct,
	title={A direct method for trajectory optimization of rigid bodies through contact},
	author={Posa, Michael and Cantu, Cecilia and Tedrake, Russ},
	journal={The International Journal of Robotics Research},
	volume={33},
	number={1},
	pages={69--81},
	year={2014},
	publisher={Sage Publications Sage UK: London, England}
}

@article{zhang2017optimization,
	title={Optimization-based collision avoidance},
	author={Zhang, Xiaojing and Liniger, Alexander and Borrelli, Francesco},
	journal={arXiv preprint arXiv:1711.03449},
	year={2017}
}

@inproceedings{mellinger2011minimum,
	title={Minimum snap trajectory generation and control for quadrotors},
	author={Mellinger, Daniel and Kumar, Vijay},
	booktitle={2011 IEEE International Conference on Robotics and Automation},
	pages={2520--2525},
	year={2011},
	organization={IEEE}
}

@inproceedings{pattacini2010experimental,
	title={An experimental evaluation of a novel minimum-jerk cartesian controller for humanoid robots},
	author={Pattacini, Ugo and Nori, Francesco and Natale, Lorenzo and Metta, Giorgio and Sandini, Giulio},
	booktitle={2010 IEEE/RSJ international conference on intelligent robots and systems},
	pages={1668--1674},
	year={2010},
	organization={IEEE}
}

@article{zeng2020differential,
	title={Differential Flatness based Path Planning with Direct Collocation on Hybrid Modes for a Quadrotor with a Cable-Suspended Payload},
	author={Zeng, Jun and Kotaru, Prasanth and Mueller, Mark W and Sreenath, Koushil},
	journal={IEEE Robotics and Automation Letters},
	year={2020},
	publisher={IEEE}
}

@article{schulman2014motion,
	title={Motion planning with sequential convex optimization and convex collision checking},
	author={Schulman, John and Duan, Yan and Ho, Jonathan and Lee, Alex and Awwal, Ibrahim and Bradlow, Henry and Pan, Jia and Patil, Sachin and Goldberg, Ken and Abbeel, Pieter},
	journal={The International Journal of Robotics Research},
	volume={33},
	number={9},
	pages={1251--1270},
	year={2014},
	publisher={SAGE Publications Sage UK: London, England}
}

@article{zucker2013chomp,
	title={Chomp: Covariant hamiltonian optimization for motion planning},
	author={Zucker, Matt and Ratliff, Nathan and Dragan, Anca D and Pivtoraiko, Mihail and Klingensmith, Matthew and Dellin, Christopher M and Bagnell, J Andrew and Srinivasa, Siddhartha S},
	journal={The International Journal of Robotics Research},
	volume={32},
	number={9-10},
	pages={1164--1193},
	year={2013},
	publisher={SAGE Publications Sage UK: London, England}
}

@inproceedings{kalakrishnan2011stomp,
	title={STOMP: Stochastic trajectory optimization for motion planning},
	author={Kalakrishnan, Mrinal and Chitta, Sachin and Theodorou, Evangelos and Pastor, Peter and Schaal, Stefan},
	booktitle={2011 IEEE international conference on robotics and automation},
	pages={4569--4574},
	year={2011},
	organization={IEEE}
}

@article{roberge2012comparison,
	title={Comparison of parallel genetic algorithm and particle swarm optimization for real-time UAV path planning},
	author={Roberge, Vincent and Tarbouchi, Mohammed and Labont{\'e}, Gilles},
	journal={IEEE Transactions on Industrial Informatics},
	volume={9},
	number={1},
	pages={132--141},
	year={2012},
	publisher={IEEE}
}

@article{fan2018baidu,
	title={Baidu apollo em motion planner},
	author={Fan, Haoyang and Zhu, Fan and Liu, Changchun and Zhang, Liangliang and Zhuang, Li and Li, Dong and Zhu, Weicheng and Hu, Jiangtao and Li, Hongye and Kong, Qi},
	journal={arXiv preprint arXiv:1807.08048},
	year={2018}
}